<record><leader>00000cas a2200000 a 4500</leader><controlfield tag="001">1588060</controlfield><controlfield tag="008">750901d18361841nyuwr ne      0    0eng c</controlfield><datafield ind1=" " ind2=" " tag="010"><subfield code="a">sn 86091368 </subfield><subfield code="z">   08021446 </subfield></datafield><datafield ind1=" " ind2=" " tag="040"><subfield code="a">MUL</subfield><subfield code="b">eng</subfield><subfield code="c">MUL</subfield><subfield code="d">NYS</subfield><subfield code="d">IUL</subfield><subfield code="d">NYS</subfield><subfield code="d">UNP</subfield><subfield code="d">DLC</subfield><subfield code="d">NJW</subfield><subfield code="d">NYS</subfield><subfield code="d">MFN</subfield><subfield code="d">NSD</subfield><subfield code="d">NYS</subfield><subfield code="d">KNP</subfield><subfield code="d">NST</subfield><subfield code="d">CNK</subfield><subfield code="d">HUL</subfield><subfield code="d">NVF</subfield><subfield code="d">OCL</subfield><subfield code="d">DLC</subfield><subfield code="d">NYS</subfield><subfield code="d">GUA</subfield><subfield code="d">KRTAS</subfield><subfield code="d">OCLCQ</subfield><subfield code="d">OCLCF</subfield><subfield code="d">OCLCO</subfield></datafield><datafield ind1="1" ind2=" " tag="029"><subfield code="a">AU@</subfield><subfield code="b">000004920741</subfield></datafield><datafield ind1=" " ind2=" " tag="037"><subfield code="b">No. 1 Ann St. New York, N.Y.</subfield></datafield><datafield ind1=" " ind2=" " tag="042"><subfield code="a">pcc</subfield></datafield><datafield ind1=" " ind2=" " tag="043"><subfield code="a">n-us-ny</subfield></datafield><datafield ind1="0" ind2="0" tag="050"><subfield code="a">AP2</subfield><subfield code="b">.N677</subfield></datafield><datafield ind1=" " ind2=" " tag="092"><subfield code="a">071</subfield><subfield code="b">N5322</subfield></datafield><datafield ind1="0" ind2=" " tag="130"><subfield code="a">New-Yorker (New York, N.Y. : 1836)</subfield></datafield><datafield ind1="1" ind2="4" tag="245"><subfield code="a">The New-Yorker.</subfield></datafield><datafield ind1=" " ind2=" " tag="250"><subfield code="a">[Quarto ed.].</subfield></datafield><datafield ind1=" " ind2=" " tag="260"><subfield code="a">New York, N.Y. :</subfield><subfield code="b">H. Greeley &amp; Co.,</subfield><subfield code="c">1836-1841.</subfield></datafield><datafield ind1=" " ind2=" " tag="300"><subfield code="a">v.</subfield></datafield><datafield ind1=" " ind2=" " tag="310"><subfield code="a">Weekly</subfield></datafield><datafield ind1="0" ind2=" " tag="362"><subfield code="a">Vol. 1, no. 1 (Mar. 26, 1836)-v. 11, no. 26 (Sept. 11, 1841).</subfield></datafield><datafield ind1=" " ind2=" " tag="500"><subfield code="a">Previously classed as a periodical in LC.</subfield><subfield code="5">DLC</subfield></datafield><datafield ind1="4" ind2=" " tag="510"><subfield code="a">Fox, L.J. New York City Newspapers, 1820-1850</subfield><subfield code="c">p. 76</subfield></datafield><datafield ind1=" " ind2=" " tag="515"><subfield code="a">Issues for Sept. 24, 1836-Sept. 11, 1941 called also whole no. 27-whole no. 286.</subfield></datafield><datafield ind1=" " ind2=" " tag="515"><subfield code="a">Pages numbered consecutively in each volume.</subfield></datafield><datafield ind1=" " ind2=" " tag="530"><subfield code="a">Available on microfilm from University Microfilms (American periodical series: 1800-1850); also available online.</subfield></datafield><datafield ind1=" " ind2=" " tag="580"><subfield code="a">Merged with Folio ed.: New-Yorker (New York, N.Y. : 1834) to form: New-York weekly tribune.</subfield></datafield><datafield ind1=" " ind2="0" tag="651"><subfield code="a">New York (N.Y.)</subfield><subfield code="v">Newspapers.</subfield></datafield><datafield ind1=" " ind2="0" tag="651"><subfield code="a">New York County (N.Y.)</subfield><subfield code="v">Newspapers.</subfield></datafield><datafield ind1=" " ind2="7" tag="655"><subfield code="a">Newspapers.</subfield><subfield code="2">fast</subfield><subfield code="0">(OCoLC)fst01423814</subfield></datafield><datafield ind1=" " ind2="7" tag="651"><subfield code="a">New York (State)</subfield><subfield code="z">New York.</subfield><subfield code="2">fast</subfield><subfield code="0">(OCoLC)fst01204333</subfield></datafield><datafield ind1=" " ind2="7" tag="651"><subfield code="a">New York (State)</subfield><subfield code="z">New York County.</subfield><subfield code="2">fast</subfield><subfield code="0">(OCoLC)fst01234953</subfield></datafield><datafield ind1=" " ind2=" " tag="752"><subfield code="a">United States</subfield><subfield code="b">New York</subfield><subfield code="c">New York</subfield><subfield code="d">New York.</subfield></datafield><datafield ind1="1" ind2=" " tag="775"><subfield code="t">New-Yorker (New York, N.Y. : 1834)</subfield><subfield code="w">(DLC)sn 83030289</subfield><subfield code="w">(OCoLC)8023178</subfield></datafield><datafield ind1="1" ind2=" " tag="776"><subfield code="t">New-Yorker (New York, N.Y. : 1836 : Online)</subfield><subfield code="w">(DLC)  2009233054</subfield><subfield code="w">(OCoLC)56090850</subfield></datafield><datafield ind1="0" ind2="8" tag="776"><subfield code="i">Online version:</subfield><subfield code="t">New-Yorker (New York, N.Y. : 1836)</subfield><subfield code="w">(OCoLC)608195135</subfield></datafield><datafield ind1="1" ind2="7" tag="785"><subfield code="t">New-Yorker (New York, N.Y. : 1834)</subfield><subfield code="w">(DLC)sn 83030289</subfield><subfield code="w">(OCoLC)8023178</subfield></datafield><datafield ind1="1" ind2="7" tag="785"><subfield code="t">New-York weekly tribune</subfield><subfield code="x">1052-7389</subfield><subfield code="w">(DLC)sn 83030280</subfield><subfield code="w">(OCoLC)4899480</subfield></datafield><datafield ind1="4" ind2="1" tag="856"><subfield code="u">http://proquest.umi.com/pqdweb</subfield></datafield><datafield ind1=" " ind2=" " tag="938"><subfield code="a">Kirtas Technologies, Inc.</subfield><subfield code="b">KRTS</subfield><subfield code="n">733222</subfield></datafield></record>